<record><leader>00000cas a22000007a 4500</leader><controlfield tag="001">12486007</controlfield><controlfield tag="008">850903d18781884inuwr ne      0    0eng d</controlfield><datafield ind1=" " ind2=" " tag="010"><subfield code="a">sn 85048032 </subfield></datafield><datafield ind1=" " ind2=" " tag="040"><subfield code="a">NPI</subfield><subfield code="b">eng</subfield><subfield code="c">NPI</subfield><subfield code="d">NVF</subfield><subfield code="d">OCLCQ</subfield></datafield><datafield ind1=" " ind2=" " tag="042"><subfield code="a">msc</subfield></datafield><datafield ind1="0" ind2="0" tag="245"><subfield code="a">Dollar weekly star.</subfield></datafield><datafield ind1=" " ind2=" " tag="260"><subfield code="a">Madison, Ind. :</subfield><subfield code="b">Mrs. H. Hubbs</subfield></datafield><datafield ind1=" " ind2=" " tag="300"><subfield code="a">v. :</subfield><subfield code="b">ill. (chiefly advertisements) ;</subfield><subfield code="c">55-70 cm.</subfield></datafield><datafield ind1=" " ind2=" " tag="310"><subfield code="a">Weekly</subfield></datafield><datafield ind1="1" ind2=" " tag="362"><subfield code="a">Began in 1878.</subfield></datafield><datafield ind1="1" ind2=" " tag="362"><subfield code="a">Ceased in Aug. 1884.</subfield><subfield code="z">Cf. Madison weekly courier.</subfield></datafield><datafield ind1=" " ind2=" " tag="500"><subfield code="a">Publishers: John D. Simpson, 1878-1882; John L. McFetridge, Jr., 1882-1883; Mrs. H. Hubbs, &lt;1884&gt;; George J. Reid, 1884; Mrs. H. Hubbs, 1884.</subfield></datafield><datafield ind1=" " ind2=" " tag="500"><subfield code="a">"Republican." Cf. Miller, John W. Indiana newspaper bibliog.</subfield></datafield><datafield ind1=" " ind2=" " tag="588"><subfield code="a">Description based on: Vol. 2, no. 16 (Apr. 16, 1879).</subfield></datafield><datafield ind1=" " ind2=" " tag="752"><subfield code="a">United States</subfield><subfield code="b">Indiana</subfield><subfield code="c">Jefferson</subfield><subfield code="d">Madison.</subfield></datafield><datafield ind1="0" ind2=" " tag="775"><subfield code="t">Madison daily evening star</subfield><subfield code="w">(DLC)sn 84027520</subfield></datafield><datafield ind1="0" ind2="4" tag="785"><subfield code="t">Madison weekly courier (Madison, Ind. : 1877)</subfield><subfield code="w">(DLC)sn 83025617</subfield></datafield></record>